@article{tarun2023fast,
  title={Fast yet effective machine unlearning},
  author={Tarun, Ayush K and Chundawat, Vikram S and Mandal, Murari and Kankanhalli, Mohan},
  journal={IEEE Transactions on Neural Networks and Learning Systems},
  year={2023},
  publisher={IEEE}
}

@book{ abelson-et-al:scheme,
  author = "Harold Abelson and Gerald~Jay Sussman and Julie Sussman",
  title = "Structure and Interpretation of Computer Programs",
  publisher = "MIT Press",
  address = "Cambridge, Massachusetts",
  year = "1985"
}

@inproceedings{bgf:Lixto,
  author = "Robert Baumgartner and Georg Gottlob and Sergio Flesca",
  title = "Visual Information Extraction with {Lixto}",
  booktitle = "Proceedings of the 27th International Conference on Very Large Databases",
  pages = "119--128",
  year = "2001",
  publisher = "Morgan Kaufmann",
  address = "Rome, Italy",
  month = "September",
  note = "Available at: \url{https://www.overleaf.com/project/6530c8d8319996ad07295585}"
}

@article{ brachman-schmolze:kl-one,
  author = "Ronald~J. Brachman and James~G. Schmolze",
  title = "An overview of the {KL-ONE} knowledge representation system",
  journal = "Cognitive Science",
  volume = "9",
  number = "2",
  pages = "171--216",
  month = "April--June",
  year = "1985"
}

@article{ gottlob:nonmon,
  author = "Georg Gottlob",
  title = "Complexity results for nonmonotonic logics",
  journal = "Journal of Logic and Computation",
  volume = "2",
  number = "3",
  pages = "397--425",
  month = "June",
  year = "1992"
}

@article{ gls:hypertrees,
  author = "Georg Gottlob and Nicola Leone and Francesco Scarcello",
  title = "Hypertree Decompositions and Tractable Queries",
  journal = "Journal of Computer and System Sciences",
  volume = "64",
  number = "3",
  pages = "579--627",
  month = "May",
  year = "2002"
}

@article{ levesque:functional-foundations,
  author = "Hector~J. Levesque",
  title = "Foundations of a functional approach to knowledge representation",
  journal = "Artificial Intelligence",
  volume = "23",
  number = "2",
  pages = "155--212",
  month = "July",
  year = "1984"
}

@inproceedings{ levesque:belief,
  author = "Hector~J. Levesque",
  title = "A logic of implicit and explicit belief",
  booktitle = "Proceedings of the Fourth National Conference on Artificial Intelligence",
  publisher = "American Association for Artificial Intelligence",
  pages = "198--202",
  address = "Austin, Texas",
  month = "August",
  year = "1984"
}

@article{ nebel:jair-2000,
  author = "Bernhard Nebel",
  title = "On the compilability and expressive power of propositional planning formalisms",
  journal = "Journal of Artificial Intelligence Research",
  volume = "12",
  pages = "271--315",
  year = "2000"
}

 @misc{proceedings,
  author = {{IJCAI Proceedings}},
  title = {{IJCAI} Camera Ready Submission},
  howpublished = {\url{https://proceedings.ijcai.org/info}},
}

%
@article{Alessandro2013The,
  title={The EU Proposal for a General Data Protection Regulation and the roots of the `right to be forgotten'},
  author={Alessandro and Mantelero},
  journal={Computer Law \&amp; Security Report},
  year={2013},
 abstract={The EU Proposal for a General Data Protection Regu},
}



@article{2021Understanding,
  title={Understanding the Chinese Data Security Law},
  author={ Chen, Jihong  and  Sun, Jiabin },
  journal={International Cybersecurity Law Review},
  volume={2},
  number={2},
  pages={209-221},
  year={2021},
}

@inproceedings{2021Machine,
  title={Machine Unlearning},
  author={ Bourtoule, Lucas  and  Chandrasekaran, Varun  and  Choquette-Choo, Christopher A.  and  Jia, Hengrui  and  Travers, Adelin  and  Zhang, Baiwu  and  Lie, David  and  Papernot, Nicolas },
  booktitle={IEEE Symposium on Security and Privacy},
  year={2021},
}


@inproceedings{2015Towards,
  title={Towards Making Systems Forget with Machine Unlearning},
  author={ Cao, Yinzhi  and  Yang, Junfeng },
  booktitle={IEEE Symposium on Security \&amp; Privacy},
  pages={463-480},
  year={2015},
}

@inproceedings{2009ImageNet,
  title={ImageNet: a Large-Scale Hierarchical Image Database},
  author={ Deng, Jia  and  Dong, Wei  and  Socher, Richard  and  Li, Li Jia  and  Li, Fei Fei },
  booktitle={2009 IEEE Computer Society Conference on Computer Vision and Pattern Recognition (CVPR 2009), 20-25 June 2009, Miami, Florida, USA},
  year={2009},
}

@article{Cynthia2013The,
  title={The Algorithmic Foundations of Differential Privacy},
  author={Cynthia and Dwork and Aaron and Roth},
  journal={Foundations \&amp; Trends in Theoretical Computer Science},
  year={2013},
 abstract={The problem of privacy-preserving data analysis ha},
}

@inproceedings{GuoGHM20,
  title = {Certified Data Removal from Machine Learning Models},
  author = {Chuan Guo and Tom Goldstein and Awni Y. Hannun and Laurens van der Maaten},
  year = {2020},
  url = {http://proceedings.mlr.press/v119/guo20c.html},
  researchr = {https://researchr.org/publication/GuoGHM20},
  cites = {0},
  citedby = {0},
  pages = {3832-3842},
  booktitle = {Proceedings of the 37th International Conference on Machine Learning, ICML 2020, 13-18 July 2020, Virtual Event},
  volume = {119},
  series = {Proceedings of Machine Learning Research},
  publisher = {PMLR},
}

@article{ginart2019making,
  title={Making ai forget you: Data deletion in machine learning},
  author={Ginart, Antonio and Guan, Melody and Valiant, Gregory and Zou, James Y},
  journal={Advances in neural information processing systems},
  volume={32},
  year={2019}
}

@article{1996Linear,
  title={Linear Unlearning for Cross-Validation},
  author={ Hansen, Lars Kai  and  Larsen, Jan },
  journal={Advances in Computational Mathematics},
  volume={5},
  number={1},
  pages={269-280},
  year={1996},
}

@article{2022Machine,
  title={Machine unlearning: linear filtration for logit-based classifiers},
  author={ Baumhauer, Thomas.  and  Schttle, Pascal.  and  Zeppelzauer, Matthias. },
  journal={Machine learning},
  volume={111},
  number={9},
  pages={3203-3226},
  year={2022},
 abstract={Recently enacted legislation grants individuals certain rights to decide in what fashion their personal data may be used and in particular a "right to be forgotten". This poses a challenge to machine learning: how to proceed when an individual retracts permission to use data which has been part of the training process of a model? From this question emerges the field of},
}


@ARTICLE{10097553,
  author={Chundawat, Vikram S. and Tarun, Ayush K. and Mandal, Murari and Kankanhalli, Mohan},
  journal={IEEE Transactions on Information Forensics and Security}, 
  title={Zero-Shot Machine Unlearning}, 
  year={2023},
  volume={18},
  number={},
  pages={2345-2354},
  keywords={Data models;Training;Data privacy;Training data;Computational modeling;Regulation;Machine learning;Machine unlearning;machine learning security and privacy;data privacy},
  doi={10.1109/TIFS.2023.3265506}}

@inproceedings{golatkar2020forgetting,
  title={Forgetting outside the box: Scrubbing deep networks of information accessible from input-output observations},
  author={Golatkar, Aditya and Achille, Alessandro and Soatto, Stefano},
  booktitle={Computer Vision--ECCV 2020: 16th European Conference, Glasgow, UK, August 23--28, 2020, Proceedings, Part XXIX 16},
  pages={383--398},
  year={2020},
  organization={Springer}
}

@inproceedings{graves2021amnesiac,
  title={Amnesiac machine learning},
  author={Graves, Laura and Nagisetty, Vineel and Ganesh, Vijay},
  booktitle={Proceedings of the AAAI Conference on Artificial Intelligence},
  volume={35},
  pages={11516--11524},
  year={2021}
}

@article{1998Gradient,
  title={Gradient-based learning applied to document recognition},
  author={ Lecun, Y  and  Bottou, L },
  journal={Proceedings of the IEEE},
  volume={86},
  number={11},
  pages={2278-2324},
  year={1998},
}


@article{peste2021ssse,
  title={Ssse: Efficiently erasing samples from trained machine learning models},
  author={Peste, Alexandra and Alistarh, Dan and Lampert, Christoph H},
  journal={arXiv preprint arXiv:2107.03860},
  year={2021}
}

@misc{yoon2023fewshot,
      title={Few-Shot Unlearning by Model Inversion}, 
      author={Youngsik Yoon and Jinhwan Nam and Hyojeong Yun and Jaeho Lee and Dongwoo Kim and Jungseul Ok},
      year={2023},
      eprint={2205.15567},
      archivePrefix={arXiv},
      primaryClass={cs.LG}
}

@inproceedings{golatkar2020eternal,
  title={Eternal sunshine of the spotless net: Selective forgetting in deep networks},
  author={Golatkar, Aditya and Achille, Alessandro and Soatto, Stefano},
  booktitle={Proceedings of the IEEE/CVF Conference on Computer Vision and Pattern Recognition},
  pages={9304--9312},
  year={2020}
}

@article{shumailov2021manipulating,
  title={Manipulating sgd with data ordering attacks},
  author={Shumailov, Ilia and Shumaylov, Zakhar and Kazhdan, Dmitry and Zhao, Yiren and Papernot, Nicolas and Erdogdu, Murat A and Anderson, Ross J},
  journal={Advances in Neural Information Processing Systems},
  volume={34},
  pages={18021--18032},
  year={2021}
}

@inproceedings{thudi2022necessity,
  title={On the necessity of auditable algorithmic definitions for machine unlearning},
  author={Thudi, Anvith and Jia, Hengrui and Shumailov, Ilia and Papernot, Nicolas},
  booktitle={31st USENIX Security Symposium (USENIX Security 22)},
  pages={4007--4022},
  year={2022}
}

@article{gupta2021adaptive,
  title={Adaptive machine unlearning},
  author={Gupta, Varun and Jung, Christopher and Neel, Seth and Roth, Aaron and Sharifi-Malvajerdi, Saeed and Waites, Chris},
  journal={Advances in Neural Information Processing Systems},
  volume={34},
  pages={16319--16330},
  year={2021}
}

@inproceedings{chundawat2023can,
  title={Can bad teaching induce forgetting? Unlearning in deep networks using an incompetent teacher},
  author={Chundawat, Vikram S and Tarun, Ayush K and Mandal, Murari and Kankanhalli, Mohan},
  booktitle={Proceedings of the AAAI Conference on Artificial Intelligence},
  volume={37},
  pages={7210--7217},
  year={2023}
}

@inproceedings{kim2022efficient,
  title={Efficient two-stage model retraining for machine unlearning},
  author={Kim, Junyaup and Woo, Simon S},
  booktitle={Proceedings of the IEEE/CVF Conference on Computer Vision and Pattern Recognition},
  pages={4361--4369},
  year={2022}
}

@article{wang2020generalizing,
  title={Generalizing from a few examples: A survey on few-shot learning},
  author={Wang, Yaqing and Yao, Quanming and Kwok, James T and Ni, Lionel M},
  journal={ACM computing surveys (csur)},
  volume={53},
  number={3},
  pages={1--34},
  year={2020},
  publisher={ACM New York, NY, USA}
}

@article{snell2017prototypical,
  title={Prototypical networks for few-shot learning},
  author={Snell, Jake and Swersky, Kevin and Zemel, Richard},
  journal={Advances in neural information processing systems},
  volume={30},
  year={2017}
}

@inproceedings{ravi2016optimization,
  title={Optimization as a model for few-shot learning},
  author={Ravi, Sachin and Larochelle, Hugo},
  booktitle={International conference on learning representations},
  year={2016}
}

@article{nguyen2022survey,
  title={A survey of machine unlearning},
  author={Nguyen, Thanh Tam and Huynh, Thanh Trung and Nguyen, Phi Le and Liew, Alan Wee-Chung and Yin, Hongzhi and Nguyen, Quoc Viet Hung},
  journal={arXiv preprint arXiv:2209.02299},
  year={2022}
}

@inproceedings{he2016deep,
  title={Deep residual learning for image recognition},
  author={He, Kaiming and Zhang, Xiangyu and Ren, Shaoqing and Sun, Jian},
  booktitle={Proceedings of the IEEE conference on computer vision and pattern recognition},
  pages={770--778},
  year={2016}
}

@inproceedings{springenberg2015striving,
  title={Striving for Simplicity: The All Convolutional Net},
  author={Springenberg, J and Dosovitskiy, Alexey and Brox, Thomas and Riedmiller, M},
  booktitle={ICLR (workshop track)},
  year={2015}
}

@article{mantelero2016right,
  title={Right to Be Forgotten and Public Registers-A Request to the European Court of Justice for a Preliminary Ruling},
  author={Mantelero, Alessandro},
  journal={Eur. Data Prot. L. Rev.},
  volume={2},
  pages={231},
  year={2016},
  publisher={HeinOnline}
}

@inproceedings{ye2022learning,
  title={Learning with recoverable forgetting},
  author={Ye, Jingwen and Fu, Yifang and Song, Jie and Yang, Xingyi and Liu, Songhua and Jin, Xin and Song, Mingli and Wang, Xinchao},
  booktitle={European Conference on Computer Vision},
  pages={87--103},
  year={2022},
  organization={Springer}
}


@inproceedings{li2014efficient,
  title={Efficient mini-batch training for stochastic optimization},
  author={Li, Mu and Zhang, Tong and Chen, Yuqiang and Smola, Alexander J},
  booktitle={Proceedings of the 20th ACM SIGKDD international conference on Knowledge discovery and data mining},
  pages={661--670},
  year={2014}
}

@article{goodfellow2014generative,
  title={Generative adversarial nets},
  author={Goodfellow, Ian and Pouget-Abadie, Jean and Mirza, Mehdi and Xu, Bing and Warde-Farley, David and Ozair, Sherjil and Courville, Aaron and Bengio, Yoshua},
  journal={Advances in neural information processing systems},
  volume={27},
  year={2014}
}

@article{rojas1996backpropagation,
  title={The backpropagation algorithm},
  author={Rojas, Raul and Rojas, Ra{\'u}l},
  journal={Neural networks: a systematic introduction},
  pages={149--182},
  year={1996},
  publisher={Springer}
}

@inproceedings{bifet2009adaptive,
  title={Adaptive learning from evolving data streams},
  author={Bifet, Albert and Gavalda, Ricard},
  booktitle={Advances in Intelligent Data Analysis VIII: 8th International Symposium on Intelligent Data Analysis, IDA 2009, Lyon, France, August 31-September 2, 2009. Proceedings 8},
  pages={249--260},
  year={2009},
  organization={Springer}
}

@article{voigt2017eu,
  title={The eu general data protection regulation (gdpr)},
  author={Voigt, Paul and Von dem Bussche, Axel},
  journal={A Practical Guide, 1st Ed., Cham: Springer International Publishing},
  volume={10},
  number={3152676},
  pages={10--5555},
  year={2017},
  publisher={Springer}
}

@article{goldman2020introduction,
  title={An introduction to the california consumer privacy act (ccpa)},
  author={Goldman, Eric},
  journal={Santa Clara Univ. Legal Studies Research Paper},
  year={2020}
}

@inproceedings{huh2019feedback,
  title={Feedback adversarial learning: Spatial feedback for improving generative adversarial networks},
  author={Huh, Minyoung and Sun, Shao-Hua and Zhang, Ning},
  booktitle={Proceedings of the IEEE/CVF Conference on Computer Vision and Pattern Recognition},
  pages={1476--1485},
  year={2019}
}

@article{labrinidis2012challenges,
  title={Challenges and opportunities with big data},
  author={Labrinidis, Alexandros and Jagadish, Hosagrahar V},
  journal={Proceedings of the VLDB Endowment},
  volume={5},
  number={12},
  pages={2032--2033},
  year={2012},
  publisher={VLDB Endowment}
}

@article{al2019privacy,
  title={Privacy-preserving machine learning: Threats and solutions},
  author={Al-Rubaie, Mohammad and Chang, J Morris},
  journal={IEEE Security \& Privacy},
  volume={17},
  number={2},
  pages={49--58},
  year={2019},
  publisher={IEEE}
}


@article{miotto2018deep,
  title={Deep learning for healthcare: review, opportunities and challenges},
  author={Miotto, Riccardo and Wang, Fei and Wang, Shuang and Jiang, Xiaoqian and Dudley, Joel T},
  journal={Briefings in bioinformatics},
  volume={19},
  number={6},
  pages={1236--1246},
  year={2018},
  publisher={Oxford University Press}
}

@article{french1999catastrophic,
  title={Catastrophic forgetting in connectionist networks},
  author={French, Robert M},
  journal={Trends in cognitive sciences},
  volume={3},
  number={4},
  pages={128--135},
  year={1999},
  publisher={Elsevier}
}

@inproceedings{shailaja2018machine,
  title={Machine learning in healthcare: A review},
  author={Shailaja, K and Seetharamulu, Banoth and Jabbar, MA},
  booktitle={2018 Second international conference on electronics, communication and aerospace technology (ICECA)},
  pages={910--914},
  year={2018},
  organization={IEEE}
}

@book{dixon2020machine,
  title={Machine learning in finance},
  author={Dixon, Matthew F and Halperin, Igor and Bilokon, Paul},
  volume={1170},
  year={2020},
  publisher={Springer}
}

@article{xu2015machine,
  title={Machine learning with applications to autonomous systems},
  author={Xu, Xin and He, Haibo and Zhao, Dongbin and Sun, Shiliang and Busoniu, Lucian and Yang, Simon X},
  year={2015}
}

@inproceedings{golatkar2021mixed,
  title={Mixed-privacy forgetting in deep networks},
  author={Golatkar, Aditya and Achille, Alessandro and Ravichandran, Avinash and Polito, Marzia and Soatto, Stefano},
  booktitle={Proceedings of the IEEE/CVF conference on computer vision and pattern recognition},
  pages={792--801},
  year={2021}
}

@article{baohupersonal,
  title={Personal Information Protection Law of the People's Republic of China},
  author={Baohu, Zhonghua Renmin Gongheguo Geren Xinxi and others}
}




@inproceedings{wu2020deltagrad,
  title={Deltagrad: Rapid retraining of machine learning models},
  author={Wu, Yinjun and Dobriban, Edgar and Davidson, Susan},
  booktitle={International Conference on Machine Learning},
  pages={10355--10366},
  year={2020},
  organization={PMLR}
}

@article{shaik2023exploring,
  title={Exploring the landscape of machine unlearning: A comprehensive survey and taxonomy},
  author={Shaik, Thanveer and Tao, Xiaohui and Xie, Haoran and Li, Lin and Zhu, Xiaofeng and Li, Qing},
  journal={arXiv preprint arXiv:2305.06360},
  year={2023}
}

@article{xiao2017fashion,
  title={Fashion-mnist: a novel image dataset for benchmarking machine learning algorithms},
  author={Xiao, Han and Rasul, Kashif and Vollgraf, Roland},
  journal={arXiv preprint arXiv:1708.07747},
  year={2017}
}

@article{krizhevsky2009learning,
  title={Learning multiple layers of features from tiny images},
  author={Krizhevsky, Alex and Hinton, Geoffrey and others},
  year={2009},
  publisher={Toronto, ON, Canada}
}


@article{springenberg2014striving,
  title={Striving for simplicity: The all convolutional net},
  author={Springenberg, Jost Tobias and Dosovitskiy, Alexey and Brox, Thomas and Riedmiller, Martin},
  journal={arXiv preprint arXiv:1412.6806},
  year={2014}
}

@article{10.1145/3603620,
author = {Xu, Heng and Zhu, Tianqing and Zhang, Lefeng and Zhou, Wanlei and Yu, Philip S.},
title = {Machine Unlearning: A Survey},
year = {2023},
issue_date = {January 2024},
publisher = {Association for Computing Machinery},
address = {New York, NY, USA},
volume = {56},
number = {1},
issn = {0360-0300},
url = {https://doi.org/10.1145/3603620},
doi = {10.1145/3603620},
journal = {ACM Comput. Surv.},
month = {aug},
articleno = {9},
numpages = {36},
keywords = {model usability, data privacy, sample removal, machine unlearning, deep learning, Machine learning}
}

@article{villaronga2018humans,
  title={Humans forget, machines remember: Artificial intelligence and the right to be forgotten},
  author={Villaronga, Eduard Fosch and Kieseberg, Peter and Li, Tiffany},
  journal={Computer Law \& Security Review},
  volume={34},
  number={2},
  pages={304--313},
  year={2018},
  publisher={Elsevier}
}

@article{mercuri2022introduction,
  title={An introduction to machine unlearning},
  author={Mercuri, Salvatore and Khraishi, Raad and Okhrati, Ramin and Batra, Devesh and Hamill, Conor and Ghasempour, Taha and Nowlan, Andrew},
  journal={arXiv preprint arXiv:2209.00939},
  year={2022}
}

@inproceedings{xu2023disentangled,
  title={Disentangled representation with causal constraints for counterfactual fairness},
  author={Xu, Ziqi and Liu, Jixue and Cheng, Debo and Li, Jiuyong and Liu, Lin and Wang, Ke},
  booktitle={Pacific-Asia Conference on Knowledge Discovery and Data Mining},
  pages={471--482},
  year={2023},
  organization={Springer}
}

@inproceedings{xu2022assessing,
  title={Assessing Classifier Fairness with Collider Bias},
  author={Xu, Zhenlong and Xu, Ziqi and Liu, Jixue and Cheng, Debo and Li, Jiuyong and Liu, Lin and Wang, Ke},
  booktitle={Pacific-Asia Conference on Knowledge Discovery and Data Mining},
  pages={262--276},
  year={2022},
  organization={Springer}
}

@article{abouelmehdi2018big,
  title={Big healthcare data: preserving security and privacy},
  author={Abouelmehdi, Karim and Beni-Hessane, Abderrahim and Khaloufi, Hayat},
  journal={Journal of big data},
  volume={5},
  number={1},
  pages={1--18},
  year={2018},
  publisher={Springer}
}

@article{van2022three,
  title={Three types of incremental learning},
  author={Van de Ven, Gido M and Tuytelaars, Tinne and Tolias, Andreas S},
  journal={Nature Machine Intelligence},
  volume={4},
  number={12},
  pages={1185--1197},
  year={2022},
  publisher={Nature Publishing Group UK London}
}

@article{bygrave2010privacy,
  title={Privacy and data protection in an international perspective},
  author={Bygrave, Lee A},
  journal={Scandinavian studies in law},
  volume={56},
  number={8},
  pages={165--200},
  year={2010}
}

@article{calzada2022citizens,
  title={Citizens’ data privacy in china: The state of the art of the personal information protection law (pipl)},
  author={Calzada, Igor},
  journal={Smart Cities},
  volume={5},
  number={3},
  pages={1129--1150},
  year={2022},
  publisher={MDPI}
}

@inproceedings{yan2022arcane,
  title={ARCANE: An Efficient Architecture for Exact Machine Unlearning.},
  author={Yan, Haonan and Li, Xiaoguang and Guo, Ziyao and Li, Hui and Li, Fenghua and Lin, Xiaodong},
  booktitle={IJCAI},
  volume={6},
  pages={19},
  year={2022}
}

@inproceedings{koh2017understanding,
  title={Understanding black-box predictions via influence functions},
  author={Koh, Pang Wei and Liang, Percy},
  booktitle={International conference on machine learning},
  pages={1885--1894},
  year={2017},
  organization={PMLR}
}
@article{aldaghri2021coded,
  title={Coded machine unlearning},
  author={Aldaghri, Nasser and Mahdavifar, Hessam and Beirami, Ahmad},
  journal={IEEE Access},
  volume={9},
  pages={88137--88150},
  year={2021},
  publisher={IEEE}
}

@inproceedings{izzo2021approximate,
  title={Approximate data deletion from machine learning models},
  author={Izzo, Zachary and Smart, Mary Anne and Chaudhuri, Kamalika and Zou, James},
  booktitle={International Conference on Artificial Intelligence and Statistics},
  pages={2008--2016},
  year={2021},
  organization={PMLR}
}

@article{ausloos2012right,
  title={The ‘right to be forgotten’--worth remembering?},
  author={Ausloos, Jef},
  journal={Computer law \& security review},
  volume={28},
  number={2},
  pages={143--152},
  year={2012},
  publisher={Elsevier}
}

@article{liu2024survey,
  title={A Survey on Machine Unlearning: Techniques and New Emerged Privacy Risks},
  author={Liu, Hengzhu and Xiong, Ping and Zhu, Tianqing and Yu, Philip S},
  journal={arXiv preprint arXiv:2406.06186},
  year={2024}
}

@article{parisi2019continual,
  title={Continual lifelong learning with neural networks: A review},
  author={Parisi, German I and Kemker, Ronald and Part, Jose L and Kanan, Christopher and Wermter, Stefan},
  journal={Neural networks},
  volume={113},
  pages={54--71},
  year={2019},
  publisher={Elsevier}
}

@inproceedings{read2012batch,
  title={Batch-incremental versus instance-incremental learning in dynamic and evolving data},
  author={Read, Jesse and Bifet, Albert and Pfahringer, Bernhard and Holmes, Geoff},
  booktitle={Advances in Intelligent Data Analysis XI: 11th International Symposium, IDA 2012, Helsinki, Finland, October 25-27, 2012. Proceedings 11},
  pages={313--323},
  year={2012},
  organization={Springer}
}
@article{dohare2024loss,
  title={Loss of plasticity in deep continual learning},
  author={Dohare, Shibhansh and Hernandez-Garcia, J Fernando and Lan, Qingfeng and Rahman, Parash and Mahmood, A Rupam and Sutton, Richard S},
  journal={Nature},
  volume={632},
  number={8026},
  pages={768--774},
  year={2024},
  publisher={Nature Publishing Group UK London}
}
@article{juliussen2023algorithms,
  title={Algorithms that forget: Machine unlearning and the right to erasure},
  author={Juliussen, Bj{\o}rn Aslak and Rui, Jon Petter and Johansen, Dag},
  journal={Computer Law \& Security Review},
  volume={51},
  pages={105885},
  year={2023},
  publisher={Elsevier}
}

@inproceedings{chen2021machine,
  title={When machine unlearning jeopardizes privacy},
  author={Chen, Min and Zhang, Zhikun and Wang, Tianhao and Backes, Michael and Humbert, Mathias and Zhang, Yang},
  booktitle={Proceedings of the 2021 ACM SIGSAC conference on computer and communications security},
  pages={896--911},
  year={2021}
}
@article{floridi2023machine,
  title={Machine Unlearning: its nature, scope, and importance for a “delete culture”},
  author={Floridi, Luciano},
  journal={Philosophy \& Technology},
  volume={36},
  number={2},
  pages={42},
  year={2023},
  publisher={Springer}
}

@article{xue2020machine,
  title={Machine learning security: Threats, countermeasures, and evaluations},
  author={Xue, Mingfu and Yuan, Chengxiang and Wu, Heyi and Zhang, Yushu and Liu, Weiqiang},
  journal={IEEE Access},
  volume={8},
  pages={74720--74742},
  year={2020},
  publisher={IEEE}
}

@article{liu2018survey,
  title={A survey on security threats and defensive techniques of machine learning: A data driven view},
  author={Liu, Qiang and Li, Pan and Zhao, Wentao and Cai, Wei and Yu, Shui and Leung, Victor CM},
  journal={IEEE access},
  volume={6},
  pages={12103--12117},
  year={2018},
  publisher={IEEE}
}

@article{parish2016paradigm,
  title={A paradigm for data-driven predictive modeling using field inversion and machine learning},
  author={Parish, Eric J and Duraisamy, Karthik},
  journal={Journal of computational physics},
  volume={305},
  pages={758--774},
  year={2016},
  publisher={Elsevier}
}

@article{yoon2022few,
  title={Few-shot unlearning by model inversion},
  author={Yoon, Youngsik and Nam, Jinhwan and Yun, Hyojeong and Lee, Jaeho and Kim, Dongwoo and Ok, Jungseul},
  journal={arXiv preprint arXiv:2205.15567},
  year={2022}
}

@article{fastchundawat2023zero,
  title={Zero-shot machine unlearning},
  author={Chundawat, Vikram S and Tarun, Ayush K and Mandal, Murari and Kankanhalli, Mohan},
  journal={IEEE Transactions on Information Forensics and Security},
  volume={18},
  pages={2345--2354},
  year={2023},
  publisher={IEEE}
}

@article{zhang2023review,
  title={A review on machine unlearning},
  author={Zhang, Haibo and Nakamura, Toru and Isohara, Takamasa and Sakurai, Kouichi},
  journal={SN Computer Science},
  volume={4},
  number={4},
  pages={337},
  year={2023},
  publisher={Springer}
}